
@online{pires2013prolog,
	author = {Bernardo Pires},
	title = {Try logic programming! A gentle introduction to Prolog},
	date = {19.04.2017},
	url = {https://bernardopires.com/2013/10/try-logic-programming-a-gentle-introduction-to-prolog/},
	year = {2013},
}

@article{merritt1992prolog,
	title={Prolog under the hood: an honest look},
	author={Merritt, Dennis},
	journal={PC AI},
	volume={6},
	number={5},
	pages={44--47},
	year={1992},
	publisher={Knowledge Technology, Inc.}
}
